% This file was created with JabRef 2.9.2.
% Encoding: ISO8859_1

@BOOK{blank1997,
  author = {Blank, Andreas},
  title = {{P}rinzipien des {B}edeutungswandels am {B}eispiel der romanischen
	{S}prachen},
  year = {1997},
  publisher = {Niemeyer},
  address = {T\"{u}bingen}
}

@ARTICLE{D3,
  author = {Bostock, Michael and Ogievetsky, Vadim and Heer, Jeffrey},
  title = {D3: Data-Driven Documents},
  year = {2011},
  volume = {17},
  number = {12},
  pages = {2301-2309},
  date-added = {2014-02-03 16:17:59 +0000},
  date-modified = {2014-02-03 16:17:59 +0000},
  journal = {IEEE Transactions on Visualization \& Computer Graphics (Proc. InfoVis)}
}

@BOOK{breal1897,
  author = {Br\'{e}al, M. },
  title = {{E}ssai de s\'{e}mantique},
  year = {1897},
  subtitle = {Science des significations},
  publisher = {Hachette},
  address = {Paris},
  timestamp = {2011.12.05}
}

@INCOLLECTION{francois2008,
  author = {François, Alexandre},
  editor = {Vanhove, M. },
  title = {{S}emantic maps and the typology of colexification: intertwining
	polysemous networks across languages},
  booktitle = {From polysemy to semantic change},
  year = {2008},
  publisher = {Benjamins},
  pages = {163--215},
  address = {Amsterdam}
}

@BOOK{traugottdasher2002,
  author = {Traugott, Elisabeth Closs and Dasher, Richard B.},
  title = {{R}egularity in {S}emantic {C}hange},
  year = {2002},
  publisher = {Cambridge University Press},
  address = {Cambridge}
}

